@Book{gkp94,
  author =       {R. L. Graham and D. E. Knuth and O. Patashnik},
  title =        {Concrete Mathematics},
  publisher =    {Addison-Wesley},
  year =         1994,
  edition =      {2nd}
}

@book{r01,
  author = {S. M. Ross},
  title = {Probability Models for Computer Science},
  year = {2001},
  publisher = {Academic Press, Inc.},
  address = {Orlando, FL, USA},
}

@Manual{oracle_tutorials,
  title = 	 {The Java Tutorials},
  organization = {Oracle},
  url =          {http://download.oracle.com/javase/tutorial/},
  lastchecked =  {2011-07-19}
}

@Manual{oracle_collections,
  title = 	 {The Collections Framework},
  organization = {Oracle},
  url =          {http://download.oracle.com/javase/1.5.0/docs/guide/collections/},
  lastchecked =  {2011-07-19}
}

@String{springer={Springer}}
@String{lncs={Lecture Notes in Computer Science}}
@String{wads99={Proceedings of the 6th International Workshop on Algorithms and Data Structures (WADS'99)}}

@InProceedings{bcdms99,
  author =       {A. Brodnik and S. Carlsson and E. D. Demaine and
                  J. I. Munro and R. Sedgewick},
  title =        {Resizable Arrays in Optimal Time and Space},
  booktitle =    wads99,
  series =       lncs,
  publisher =    springer,
  volume =       {1663},
  pages =        {37--48},
  year =         {1999},
}
